@MastersThesis{Bartlik2017thesis,
	AUTHOR = "BARTLÍK, Jakub",
	TITLE = "Šablony odborných prací pro LaTeX [online]",
	YEAR = "2017 [cit. 2022-04-16]",
	TYPE = "Bakalářská práce", 
	SCHOOL = "Vysoká škola ekonomická v PrazePraha",
	NOTE = "SUPERVISOR: Vilém Sklenák", 

}

@MastersThesis{Divila2016thesis,
	AUTHOR = "DIVILA, Jaroslav",
	TITLE = "Revizní systém pro LaTeX [online]",
	YEAR = "2016 [cit. 2022-04-16]",
	TYPE = "Bakalářská práce", 
	SCHOOL = "Vysoké učení technické v BrněBrno",
	NOTE = "SUPERVISOR: ", 

}

@Misc{Lehocky2014,
	author = {Zdeněk LEHOCKÝ},
	title = {LaTeX 2.\,--\,Psaní prvních dokumentů},
	howpublished = {[online]},
	year = {rev. 14. květen 2014},
	note = {[vid. 2022-04-16]},
	url = {http://programujte.com/clanek/2013092800-latex-2-psani-prvnich-dokumentu/},
}

@Misc{an_8.6_7.9_2021, 
    title={12 best latex editors you should use}, 
    journal={Beebom}, 
    author={AN, Srikanth and 8.6 and 7.9}, 
    year={2021}, 
    month={Dec}} 

@Book{Rybicka2003,
	author = {Jiří RYBIČKA},
	title = {LaTeX pro začátečníky},
	chapter = {Základní informace},
	publisher = {Konvoj},
	address = {Brno},
	year = {2003},
	edition = {3},
	}
	
@Book{kopka_daly_2013, 
    place={Boston i pozostałe}, 
    title={Guide to latex}, 
    publisher={Addison-Wesley}, 
    author={Kopka, Helmut and Daly, Patrick W.}, 
    year={2013}} 
    
@Article{Olsak2014,
	author = {Petr OLŠÁK},
	title = {TeX pro pragmatiky},
	journal = {Zpravodaj Československého sdružení uživatelů TeXu},
	volume = {24},
	number = {1\,--\,4},
	pages = {29\,--\,45},
	year = {2014},
}
    
@Misc{pieters_2016, 
    url={https://olivierpieters.be/blog/2016/08/10/latex-preamble}, 
    journal={A basic latex preamble}, 
    author={ PIETERS, Olivier}, 
    year={2016}, 
    month={Aug}} 
    
 @Misc{rysava_2019, 
    title={Proč Používat latex Místo Wordu?}, url={https://mymstudentum.blogspot.com/2019/02/proc-pouzivam-latex-misto-wordu.html}, journal={Proč používat LaTeX místo Wordu?}, 
    publisher={Blogger}, 
    author={RYŠAVÁ, Liška}, 
    year={2019}, 
    month={Feb}} 
    
@Misc{CazarezCastro2012,
	author = {Nohe R. CAZAREZ-CASTRO and Luis T. AGUILAR and Oscar CASTILLO},
	title = {Designing Type-1 and Type-2 Fuzzy Logic Controllers via Fuzzy Lyapunov Synthesis for
		nonsmooth mechanical systems},
	journal = {Engineering Applications of Artificial Intelligence},
	volume = {25},
	number = {5},
	pages = {971\,--\,979},
	year = {2012},
}